@misc{tld-stats,
  title = {Usage of top level domains for websites},
  howpublished = {\url{https://w3techs.com/technologies/overview/top_level_domain/all}},
  author = {W3Techs, a division of Q-Success Web-based Services}
}

@misc{phishtank,
  title = {PhishTank database},
  howpublished = {\url{http://data.phishtank.com/data/online-valid.csv}, \url{https://data.phishtank.com/developer_info.php}},
  author = {PhishTank}
}

@misc{alexa-top-1m,
  title = {Alexa top 1 million websites},
  howpublished = {\url{http://s3.amazonaws.com/alexa-static/top-1m.csv.zip}},
  author = {Amazon}
}

@misc{cybercrime,
  title = {CyberCrime full list},
  howpublished = {\url{http://cybercrime-tracker.net/all.php}},
  author = {CyberCrime Tracker}
}

@misc{unb-website,
  title = {University of New Brunswick -- Canadian Institute for Cybersecurity},
  howpublished = {\url{https://www.unb.ca/cic/datasets/url-2016.html}},
  author = "Mohammad Saiful Islam Mamun and Mohammad Ahmad Rathore and Arash Habibi Lashkari and Natalia Stakhanova and Ali A. Ghorbani",
}

@article{unb-article,
    author = "Mohammad Saiful Islam Mamun and Mohammad Ahmad Rathore and Arash Habibi Lashkari and Natalia Stakhanova and Ali A. Ghorbani",
    title = {Detecting Malicious URLs Using Lexical Analysis},
    howpublished = {Network and System Security, Springer International Publishing},
    pages = "467--482",
    year = "2016",
}

